1684 2467
229 349 1374 46 neratione, & la corruttione delle tose naturali, o la dispositione de Cieli, o l’influen¬
229 397 1373 50 za delle stelle, o la fermezza della Terra, o altre simili cose, le quali con vn lungo
228 449 1375 47 studio ritrouarono per auanzare in questa cognitione la Plebe, & accioche non egual
228 498 1373 48 mente i dotti, & l’ignoranti potessero intendere, & penetrare le tagioni delle cose, se
228 548 1375 46 le andauano copertamente communicando fra loro, & coperte ancora per mezzo di
227 594 1373 50 queste imagini, le lasciauano a’posteri, che doueuano d'gli altri essere superiori di di¬
229 644 1371 49 gnità, & di sapienza. Di qui è nata la moltitudine delle Fauole de gli antichi
224 692 1371 49 Scrittori, le quali hanno l’vtile della scienza per li dotti, & il dolce delle curiose
224 742 1369 49 narrationi per gl’ignoranti. Però molti ancora de gli huomini di gran conto banno
224 792 1371 48 stimato loro degna fatica lo spiegare quelle cose, che trouauano in queste Fauole oc¬
222 840 1377 48 cultate, lasciandoci scritto, che per l’imagine di Saturno intendeuano il Tempo, il qua
221 888 1378 51 le a gli anni, a' mesi, ed a' giorni dà, & toglie l’essere, come eßso diuoraua quei me¬
220 937 1378 50 desimi fanciulli, che erano suoi figliuoli. E per quella di Gioue fulminante, la par¬
219 987 1377 49 te del Cielo più pura, donde vengono quasi tutti gli effetti Meteorologici. Per l’I¬
220 1037 1375 48 magine ancora di Venere d’estrema bellezza, l’appetito della materia prima, come
219 1083 1379 49 dicono i Filosofi, alla forma, che le da il compimento. E che quelli, che credeuano il
222 1134 1375 49 Mondo essere torpo mobile, ed ogni cosa succedere per lo predominio delle Stelle ( se¬
222 1184 1371 47 condo, che racconta nel Pimandro Mercurio Trismegisto) finsero Argo Pastorale,
221 1231 1379 50 che con molti occhi da tutte le bande riguardasse. Questo istesso mostrarono in Giu¬
220 1282 1377 47 none, sospesa in aria dalla mano di Gioue, come dißse Homero, ed infinite altre imagi
219 1331 1381 48 ni, le quali hanno gia ripient molti volumi, & stancati molti Scrittori, ma con pro¬
219 1380 1379 49 fitto di dottrina, & di sapienza. Il secondo modo delle Imagini abbraccia quelle cose
218 1431 1374 46 che sono nell’huomo medesimo, o che hanno gran vicinanza con esso, come i concetti,
221 1477 1378 51 & gli habiti, che da' concetti ne nascono, con la frequenza di molte attioni partico¬
219 1527 1378 50 lari; & concetti dimandiamo senza più sottile inuestigatione, tutto quello, che può es¬
225 1577 1339 49 ser significato con le parole; il qual tutto vien commodamente in due parti diuiso.
278 1633 1312 38 L’vna parteè, che afferma, o nega qualche cola d’alcuno; l’altra, che no. Con
224 1678 1364 44 quella formano l’artifitio loro quelli, che compongono l’Imprese, nelle quali con pochi
222 1729 1355 39 corpi, & poche parole vn sol concetto s’accenna, & quelli ancora, che fanno gli Em
224 1774 1363 43 blemi, oue maggior concetto con più quantità di parole, & di corpi si manifesta. Con
446 1807 46 17 10
223 1825 1355 45 questa poi si forma l’arte dell’altre Imageni, le quali appartengono al nostro discor
224 1878 14 42 4
242 1875 1340 40 o, per la conformita, che hanno con le definitioni; le quali solo abbracciano le virtil
270 1911 7 11 4
224 1924 1353 40 ed i vitij, otutte quelle cose, che hanno conuenienza con questi, o con quelle, senze
222 1971 1349 46 affermare, ô negare alcuna cosa, e per essere ò sole priuationt, o habiti puri, si espri
243 2011 26 10 6°.
1506 2010 33 12 y4
222 2018 1368 50 mono con la figura humana conuenientemente. Percioche, si come l’huomo tutto é
224 2067 1028 45 misura di tutte le cose, secondo la commune opinione de' Filosofi
1279 2074 34 40 &
1322 2069 268 41 s’Aristotele in
226 2123 1361 40 particolare, quasi come la definitione è misura del definito, cosi medesimamente la for
223 2149 16 18 4
222 2165 1370 49 ma accidentale. che apparisce esteriormente d’esso, può esser misura accidentale delle
225 2215 1362 50 qualità definibili, qua lunque si stano, o dell’anima nostra sola, o di tutto il compo¬
1582 2256 5 13 ¬
