1655 2467
201 276 1388 40 Ripá, e talatala julor degitrrori avisa culriene Rtomana, ce.-
199 303 1392 80 quella diligenza, che piacque fino all’Auttore medesimo, come si
202 372 1390 78 vederà per lo transunto d’vna sua Lettera, che qui sotto si re¬
203 437 1389 80 sistrera; venne in pensiero a chi s’è preso cura di ristampare la
200 502 1392 82 medesima opera in Siena, di biasimare quanto d’industria io ado¬
197 572 1395 79 perai all’hora per cauare questa nobile opera fuor delle miserie del..
197 640 1394 76 la primiera editionc. Non voglio pero io imitare chi ha fatto
198 713 1392 70 ma le, et rendere come si dice pane per focaccia, ma mi contenta¬
197 774 1393 73 rò di dire, che la editione Romana, et la Stampa di Siena hanno
196 842 1395 78 fra se quella relatione, che tiene il male al peggio. Questo mio
194 909 1398 72 detto so, ch’è notorio, &r che non sarà negato se non da chi nega
196 972 1395 81 hauendo occhi, che’l'Sole habbia luce. Sò appresso, che persone
196 1040 1398 83 molto intendenti, che s’hanno preso briga di aggiustare i spropositi
196 1110 1398 76 certi in questa terza stampa, non per colpa dell’Auttore, ma di
194 1176 1386 76 persone poco amoreuoli hanno durato fatica degna di molta lode, (er
194 1249 1397 62 hanno hauuto a combattere con facciate, &t quinterni intieri tra¬
197 1311 1398 73 sposti, con errori di testo, & d’auttorita incomportabili, con figu¬
194 1381 1400 75 re shalzate, con dipinture di parole greche in caratteri latini, con
259 1442 1267 77 l’autorità latine scorrettissime, & con cose simili, che posso¬
330 1514 1122 76 no eßere riconosciute da qual si voglia, che non voglia
396 1582 992 72 cosi di leggiero credere a me, quando si rissolue¬
467 1650 851 66 ra di prendere il libro in mano, et an¬
529 1718 719 61 darlo scorrendo. Ma tanto basti,
601 1789 585 61 & parli per me l’Aluttore
678 1856 436 60 medesimo, ilquale in
746 1926 303 54 vna sua Let¬
201 372 1394 74 vederà per le transunto d’vna sua Lettera, che qui sotto si re¬
201 438 1393 78 cistrera; venne in pensiero a chi s’è preso cura di ristampare la
199 502 1396 79 medesima opera in Siena, di biasimare quanto d’industria io ado¬
197 570 1397 82 perai all’hora per cauare questa nobile opera fuor delle miserie del.
196 640 1397 79 la primiera editionc. Non voglio però io imitare chi ha fatto
197 713 1397 69 ma le, et rendere come si dice pane per focaccia, ma mi contenta¬
197 774 1395 72 rò di dire, che la editione Romana, & la stampa di Siena hanno
195 841 1399 79 fra se quella relatione, che tiene il male al peggio. Questo mio
193 907 1402 74 detto sò, ch’è notorio, &t che non sarà negato se non da chi nega
194 972 1400 76 hauendo occhi, che’ l'Sole habbia luce. Sò appresso, che persone
196 1042 1400 78 molto intendenti, che s’hanno preso briga di aggiustare i spropositi
195 1111 1401 73 certi in questa terza stampa, non per colpa dell’Auttore, ma di
194 1176 1390 75 persone poco amoreuoli hanno durato fatica degna di molta lode, (&
193 1250 1401 61 hanno hauuto a combattere con facciate, et quinterni intieri tra¬
196 1311 1401 77 sposti, con errori di testo, & d’auttorita incomportabili, con figu¬
193 1380 1402 72 re shalzate, con dipinture di parole greche in caratteri latini, con
258 1442 1268 78 l’autorità latine scorrettissime, & con cose simili, che posso¬
329 1515 1126 73 no eßere riconosciute da qual si voglia, che non voglia
397 1581 992 75 cosi di leggiero credere a me, quando si rissolue¬
466 1649 854 64 rà di prendere il libro in mano, e an¬
529 1718 721 61 darlo scorrendo. Ma tanto basti,
601 1789 587 62 & parlt per me l’Auttore
675 1854 441 62 medesimo, ilquale in
744 1926 309 54 vna sua Let¬
801 1998 192 46 tera mi
594 2058 586 64 scriße gia, come qui sotto;
