1655 2467
203 178 8 16 7
484 493 8 6 6
507 493 31 8 D
283 1108 15 28 Y
480 1173 10 30 1
519 1107 953 56 E Imagini fatte per significare vna diuersa cosa da quel¬
528 1160 944 47 la, che si vede con l’occhio, non hanno altra più certa, ne
529 1210 943 48 più vniuer sale regola, che l’imitatione delle memorie, cbe
525 1257 948 52 si trouano ne' Libri, nelle Medaglie, e ne' Marmi intaglia
526 1308 947 51 te per industria de' Latini, & de Greci, ò di quei ptù an¬
525 1356 947 50 tichi, che furono inuentori di questo artifitio. Però com¬
530 1407 943 55 munemente pare, che chi s’affatica fuori di questa imita¬
528 1458 945 54 tione, erri, ó per ignoranza, ò per troppo presumere, le
530 1502 943 52 quali due macchie sono molto abborrite da quelli, che at¬
90 1551 1384 59 tendono con le propie fatiche all’acquisto di qualche lode. Per fuggire adunque il
100 1601 1372 55 sospetto di questa colpa, hò giudicata buona cosa, Chauendo io voluto di tutte que¬
92 1650 1383 57 ste Imagini fare vn fascio maggiore di quello, che si poteua raccorre dall’osseruatio¬
92 1703 1383 50 ni delle cose più antiche, & però bisognando fingerne molte, & molte prenderne
92 1751 1383 47 delle moderne, e dichiarando verisimilmente ciascuna) trattare alcune cose intorno
93 1799 1382 52 al modo di formare, e dichiarare i concetti sim bolici, nel principio di quest’opera, la
94 1847 1381 56 quale forse con troppa diligenza di molti amici si sollecita, e si aspetta liquali sono io
93 1899 1383 52 in principal obligo di contentare. Lasciando dunque da parte quell’Imagine, della
92 1948 1382 52 quale si serue l’Oratore, & della quale tratta Aristotele nel terzo libro della sua
93 1997 1381 53 Rettorica, diró solo di quella, che appartiene a’Dipintori, ouero a quelli, che per mez¬
93 2047 1383 57 zo di colori, o d’altra cosa visibile possono rappresentare qualche cosa differente da
91 2096 1383 51 essa, & ha conformità con l’altra; perche, si come questa persuade molte volte per
91 2146 1384 51 mezzo dell’occhio, cosi quella per mezzo delle parole muoue la volonta: & perche
92 2195 1381 52 anco questa guarda le metafore delle cose, che stanno fuori dell’hucmo, & quelle, che
96 1355 19 49 e
