1655 2467
119 208 1392 38 gale delirlla vn pelzo dilaticato pel aitii, il portoliTi¬
119 236 29 17 O
116 249 1389 62 poso desiderato da gl’animi, che seguono la traccia del ve¬
116 295 22 25 1
112 317 1397 62 ro bene, non ingannati punto dall’instabili tà delle huma¬
113 391 1396 54 ne speranze. Per quanto poi à me tocca io ho riceuuto
113 449 1397 60 fauore da V. P. molto Reuerenda che lungo sarebbe il ri¬
113 517 1396 61 dirli, & basta, ch’io dica, che sono vinti, & più anni, ch’el¬
111 583 1399 62 la di continuo m’obliga alle sue cortesi maniere. Per tut¬
113 648 1399 67 ti questi capi io mi sento si desideroso di mostrarli qual¬
113 718 1399 66 che picciola parte de i molti obligi, ch’io le tengo, che nõ
113 786 1399 64 hauendo per hora cosa più à proposito della presente Ico¬
110 852 1404 65 nologia del Cauallier Cesare Ripa, Libro di gran nome, &
1467 934 5 24 2
110 922 1391 62 di molto spaccio, ristampato da me nuouamente, & accré¬
107 985 1402 64 sciuto dall’Auttore medesimo, di molte figure, & discorsi,
110 1055 1402 58 che mancauano in tutte l’altre editioni, hò deliberato di
110 1120 1402 63 adornarlo del glorioso nome di V.P. molto Reuerenda, si
113 1188 1398 63 per dare al Libro riputatione, si per notificare al Mondo
113 1239 33 22 1
112 1258 1395 61 quant io tenga a mente le gratie, di che ella in diuerse oc¬
111 1322 1396 61 casioni m’ha fauorito, le piacera accetarlo con la fronte
109 1389 1396 63 lieta, ch’io con cuore pronto glielo dono, & con farli ri¬
110 1455 1391 72 uerenria finisco. Della mia Libreria il dì 10.Genn.1618.
