1655 2467
120 1313 62 24 *4
341 1062 14 20 L
386 940 7 22 "
446 952 38 29 4
533 942 966 59 R A quanti amici, & patroniio m’hab¬
552 1011 950 47 bia mai hauuto, io non ho in alcun tem
553 1073 952 59 po conosciuto persona, che habbia piu
556 1123 17 19 L
549 1140 958 60 amabili qualita, & che mi voglia piu
550 1204 958 61 bene, di V.P. molto Reu. Et per lascia
546 1274 963 60 re da parte la intelligenza bona, ch’ella
104 1339 1404 56 ha di Arithmetica, di Geometria, d’Architetura, di Mu¬
104 1409 1405 62 sica, di formare con la penna ogni sorte di politi caratteri,
104 1476 1404 58 che tutte sono arti nobili, & atte ad illustrare ogn' vna per
1247 1522 29 22 O
105 1544 1408 58 se vn’homo; chi può vedere & non amare in lei la destrez
108 1608 1401 62 za, la diligenza, l’affabilit à, & l’altre notabili sue parti ?
1351 1662 18 18 4
112 1675 1393 66 Queste sono state le cagioni, che V. P. s’habbia acquista¬
110 1744 1391 54 to l’amore di tutti i suoi Padri di cotesta nobilissima Con¬
116 1814 1379 61 gregatione di Santa Giustina, che sia stata sempre impie
113 1856 43 26 O
116 1882 1398 57 gata in maneggrimportantissimi, come sarebbe a dire nel
116 1927 16 22 C
430 1927 52 22 O0
115 1948 1400 57 Cellerariato di Correggiola, & che fin almente doppo mol
639 1993 40 26 20
1346 1992 9 27 1
111 2013 1404 64 to trauagliare, i suoi Superiori habbiano anteposto il suo
112 2079 1401 61 gusto, & la sua quiete, al bisogno, ch’essi teneuano della
105 2146 1384 61 sua sempre lodata sufficienza. E veramente non è da ne
979 833 6 4 1
