1655 2467
99 1327 23 33 L
498 1249 975 63 Olto ragioneuole cosa io ho sempre stimato, che
515 1318 961 62 chiunque s’apparecchia a riprendere altri, sia
521 1386 954 62 prima eßo mancheuole d’ogni colpa. E tutto¬
519 1450 953 61 che io habbia sentito a dire, che homini sauij
523 1518 955 63 ne loro libri, habbiano registrati eßempi di
527 1586 944 61 tali, che furono acerbi punitori in altri de
76 1661 1400 53 misfatti, che in se stessi non riprefere giamai; tuttaula mi ricordo
79 1721 1397 63 pure, che vna volta fu non so chi che disse, quelle essere singola¬
77 1794 1397 57 rita, & che per tali furono da Scritteri notati. Oltrache noi sap¬
80 1860 1182 56 piamo, che Nostro Signore, ch era via per non fallare, &
80 1905 16 30 4
1310 1863 166 49 verità
79 1928 1397 57 per non mentire, disse a chi gli meno inanzi la donna adultera, ché
484 1974 23 23 2.
79 1992 1403 61 se alcuno si ritrouaua fra quelle brigate senza peccato, fosse eßo il
1232 2045 80 15 2 21
80 2066 1400 52 primo a dar di mano a lassi per lapidarla. Hora tutto questo h4
653 2104 14 25 4
82 2128 979 62 da seruire a me, con bona gratia de Lettori.
1064 2126 419 60 Perche hauendo ja
