895 1346
267 68 108 43 TOMO
428 65 161 47 TERZO.

290 123 92 35 FAMA
425 121 140 39 BUONA.

357 173 14 35 Di
391 173 44 35 cesare
457 173 48 34 Ripa¬

103 224 51 31 Oonna
174 227 21 27 con
221 224 23 30 una
261 224 58 30 tromba
338 222 34 31 nella
398 227 38 25 mano
460 222 57 30 dritta,
539 224 0 25 e
564 222 35 29 nella
620 222 53 31 sinistra
699 226 24 26 con
744 226 11 23 uu
780 226 19 26 ra¬

60 254 0 23 L
116 251 16 25 mo
156 249 12 28 di
182 248 56 30 oliva.
258 249 40 28 Avrà
316 250 8 27 al
342 247 34 29 collo
400 251 22 25 una
443 248 56 27 collana
521 246 12 29 di
557 250 40 24 oro,
623 247 24 27 alla
669 247 40 26 quale
737 246 12 27 sia
777 252 22 20 per

55 274 73 28 pendente
152 274 11 27 un
190 272 61 28 cuore;
270 273 12 27 ed
305 271 35 28 avrà
357 273 6 26 le
381 272 15 26 ali
415 270 61 28 bianche
501 269 29 28 agli
549 270 64 27 omeri,

92 299 13 25 La
132 299 58 27 tromba
216 299 63 28 significa
304 299 7 25 il
330 299 39 28 grido
401 299 86 24 universale
511 301 43 26 sparso
586 301 22 26 per
632 299 8 26 le
664 299 71 27 orecchia
761 299 40 27 degli

58 317 77 36 Uomini.

91 348 7 22 Il
116 348 36 22 ramo
174 348 14 22 di
205 348 38 22 oliva
265 348 50 21 mostra
336 348 7 21 la
364 348 44 21 bontà
425 348 36 21 della
484 348 57 21 Fama,
559 348 0 21 e
582 348 8 21 la
612 348 70 21 fincerità
703 348 34 20 dell'
754 348 43 20 Uomo

54 369 54 28 famoso
130 375 22 22 per
170 369 42 27 opere
236 368 67 28 illustri,
321 367 94 29 pigliandosi
435 367 74 28 sempre,
529 372 0 22 e
545 367 6 27 l'
571 367 55 27 olivo,
646 369 0 25 e
668 367 6 27 il
692 367 42 27 frutto
754 367 18 26 suo
792 370 8 23 in

55 396 46 26 buona
124 399 58 24 parte;
200 395 37 28 però
256 392 35 27 nella
312 394 39 26 Sacra
380 392 73 30 Scrittura
476 391 6 27 si
507 392 26 28 dice
558 391 36 30 dell'
614 391 50 30 olio,
687 391 87 29 parlandosi
792 394 13 23 di

55 417 44 26 Cristo
125 417 50 26 Nostro
201 416 62 27 Signore
281 419 0 24 :
305 416 38 27 Oleum
373 416 46 27 effusum
454 419 46 25 nomen
522 419 52 25 tuum.
600 418 0 26 E
628 418 34 26 dell'
682 417 38 27 oliva
746 416 28 28 dice
798 416 6 28 il

55 441 46 28 Salmo
123 441 0 28 :
138 441 39 28 Oliva
198 441 70 28 fructifera
289 441 6 28 in
318 441 35 28 domo
378 441 70 28 Domini.
469 441 0 28 E
502 441 21 28 per
543 441 46 28 questa
613 441 62 28 cagione
696 441 70 28 solevano
787 441 17 28 gli

58 466 62 29 Antichi
139 469 65 25 coronar
223 465 48 34 Giove
293 465 12 28 di
329 465 51 33 oliva,
399 465 89 33 fingendolo
514 465 113 34 sommamente
649 465 67 33 buono,
738 470 0 27 e
766 465 39 33 som¬

55 490 77 31 mamente
153 489 87 29 perfetto.

93 517 9 24 Il
122 518 44 27 cuore
189 517 74 29 pendente
288 517 9 24 al
317 517 52 24 collo,
394 517 83 29 significa,
500 517 39 28 come
564 517 39 30 narra
628 517 27 30 Oro
686 517 69 30 Apolline
784 517 23 30 nei

58 538 30 31 fuoi
107 538 111 31 Geroglifici,
235 537 7 31 la
265 537 35 30 fama
321 537 11 31 di
351 542 11 25 un
387 536 45 28 Uomo
456 538 13 27 da
490 536 52 31 bene.

96 566 13 25 Le
133 566 17 25 ali
165 566 12 26 di
202 566 41 26 color
268 566 70 26 bianco,
359 566 51 27 notano
433 566 8 27 la
468 566 109 28 candidezza,
602 569 0 25 e
627 566 6 28 la
660 566 68 29 velocità
749 566 35 29 della

57 585 41 34 Fama
120 587 65 32 buona.
202 587 39 35 (a)

265 657 89 33 FAMA
403 657 195 33 CATTIVA.

370 709 13 32 Di
403 709 94 31 Claudiano.

103 757 41 32 Onna
167 763 20 23 con
210 763 11 25 un
246 757 48 31 vestito
319 757 57 33 dipinto
401 757 11 31 di
433 757 48 30 alcune
506 758 111 33 immaginette
638 759 50 27 nere,
713 763 38 22 come
776 763 34 27 puti

62 788 0 24 D
117 784 39 28 tini,
169 784 36 28 colle
229 784 17 27 ali
265 786 48 25 nere,
332 787 0 24 e
356 786 23 25 con
401 785 23 26 una
448 786 58 24 tromba
529 786 5 24 in
557 788 58 22 mano;
633 787 77 23 conforme
734 786 10 23 al
764 785 38 24 detto

59 808 11 26 di
88 806 85 31 Claudiano
200 806 20 32 nel
241 806 32 33 libro
298 807 34 28 della
355 807 57 30 Guerra
437 807 52 32 Getica
512 808 50 32 contra
587 811 11 30 di
619 809 75 32 Alaríco.

756 845 56 29 Fama¬

79 892 21 27 («
123 892 2 27 )
145 892 46 27 Figura
214 892 6 27 il
243 892 41 27 Padre
309 892 39 27 Ricci
367 892 6 27 la
396 892 37 27 Fama
456 892 62 26 buona:
535 892 41 26 Donna
597 892 37 26 veslira
657 892 10 26 di
681 892 54 26 bianco.
762 892 46 26 Tenc,

56 915 20 24 unp
97 915 48 26 tromba
166 918 28 24 nelle
222 915 49 27 mani.
289 914 17 27 Ha
327 917 5 24 le
353 914 17 27 ali
387 915 24 25 ayli
432 915 52 25 omeri.
506 917 17 22 Sta
544 918 5 21 in
570 913 23 26 atto
611 915 10 24 di
641 913 79 25 camminare
740 913 66 25 velocemez

58 937 18 26 re.
95 936 15 27 Ha
131 936 37 27 dictro
187 938 9 25 di
211 936 6 27 se
235 936 30 27 copia
292 936 9 27 di
318 940 32 23 oro,
366 940 0 23 e
387 940 9 23 di
415 940 68 23 argento.
499 936 10 27 Si
526 936 28 27 mira
576 936 36 27 vicino
629 938 0 25 a
651 936 13 27 lei
681 936 11 27 un
711 936 65 27 cipresso.

80 960 12 27 La
114 960 32 27 veste
166 961 46 26 bianca
240 961 50 26 denota
318 958 6 29 la
346 959 88 28 candidezza
457 957 34 30 delle
511 957 42 30 buone
571 959 56 28 opere,
643 957 32 30 dalle
699 957 40 30 quali
759 957 46 30 deriva

58 980 8 28 la
88 982 45 26 buona
157 980 55 28 Fama.

85 1003 11 23 La
121 1001 54 25 tromba
201 1000 112 26 rappretenta,
329 1000 20 26 che
374 1002 58 24 siccome
455 1000 7 26 la
484 1002 47 24 voce,
556 1001 9 25 ed
589 1000 7 26 il
616 1002 38 24 suono
681 1000 12 26 di
710 1001 21 25 una
753 1002 54 24 tromba

58 1027 7 22 si
83 1027 60 22 diffonde
168 1027 19 22 per
206 1027 41 22 molte
268 1027 51 22 parti,
334 1027 33 22 così
383 1027 5 22 il
409 1027 31 22 buon
465 1027 38 22 nome
527 1024 54 25 risuona
603 1028 20 21 per
643 1028 56 21 tutto,
720 1028 0 21 e
744 1028 37 21 come
801 1024 7 25 il

61 1047 42 24 fuono
125 1047 33 25 della
181 1047 52 27 tromba
260 1047 6 25 ta
287 1047 43 27 arditi
347 1047 0 23 i
363 1047 68 26 Soldati,
454 1047 10 24 ed
485 1047 0 26 i
510 1047 58 26 Cavalli
591 1047 33 26 nelle
653 1047 82 26 battaglie,
756 1047 31 24 così
801 1047 7 26 il

59 1069 32 25 buon
120 1070 39 29 nome
182 1068 38 31 rende
252 1067 61 33 valorosi
336 1067 18 33 gli
373 1068 77 32 Uomini,
470 1070 0 24 e
500 1067 18 32 gl’
534 1067 96 32 incoraggisce
659 1068 9 25 ad
695 1067 53 32 imitare
768 1069 0 26 i
786 1067 25 31 vir¬

60 1090 49 23 tuosi.

83 1109 11 28 L'
113 1110 74 31 argento,
210 1111 0 26 e
226 1109 5 28 l'
249 1115 38 23 oro,
305 1110 21 28 che
351 1114 23 25 non
394 1108 66 32 guarda,
473 1108 80 33 significa,
566 1110 19 31 che
610 1108 4 32 si
632 1109 32 30 deve
687 1108 16 30 far
723 1108 23 29 più
764 1112 38 24 conto

58 1133 22 29 del
100 1136 32 21 buon
161 1135 54 27 nome,
241 1135 18 26 che
277 1132 12 29 di
305 1133 83 29 qualunque
408 1132 60 29 tesoro.

81 1153 6 27 Il
108 1153 75 27 cipresso,
205 1155 19 25 per
243 1154 39 26 essere
305 1158 35 21 legno
366 1153 77 26 odorofo,
458 1153 49 26 forte,
522 1154 10 25 ed
557 1150 120 29 incorruttibile,
701 1150 106 28 rappresenta,

59 1179 20 24 che
102 1179 20 24 chi
142 1179 31 24 vuol
194 1179 24 24 fare
239 1179 58 24 acquisto
328 1179 11 24 di
357 1179 41 24 buona
421 1179 53 25 Fama,
495 1179 20 25 dee
537 1179 21 25 dar
575 1179 32 25 buon
629 1179 41 25 odore
692 1179 10 25 di
722 1179 17 25 fue
758 1179 51 25 opera¬

60 1199 53 37 zioni,
133 1204 0 26 e
156 1199 20 32 dee
202 1199 33 28 esser
255 1199 61 37 costante
341 1204 0 29 e
367 1199 33 36 forte
420 1200 35 28 nelle
476 1199 45 33 virtà.
