895 1346
352 80 274 34 CONOLOGIA

101 114 8 25 si
129 114 95 28 prendono;
251 114 0 25 e
282 114 37 28 però
337 114 20 29 gli
385 114 64 29 Antichi
476 114 106 31 dipingevano
606 114 7 29 la
641 114 51 32 Sirena
714 115 7 28 in
745 114 47 32 questo
820 114 33 31 pro-

102 136 63 30 posito.
182 136 21 28 (a

139 163 13 23 Lo
177 163 69 24 specchio
272 163 6 24 è
295 163 30 24 vero
351 163 58 25 simbolo
433 163 11 25 di
463 163 66 25 Falsità,
547 163 58 26 perchè
628 163 60 26 sebbene
718 163 30 26 pare
772 163 22 27 che
821 164 33 26 in»

100 182 23 30 esso
150 180 68 33 specchio
243 182 34 29 siano
302 183 34 31 tutte
361 182 48 32 quelle
432 184 47 30 cose,
498 183 22 31 che
543 185 18 29 gli
584 183 27 31 sono
634 185 36 31 poste
693 184 73 32 innanzi,
791 189 4 26 è
814 189 38 27 però

99 208 23 26 una
147 205 25 29 sola
197 205 120 30 similitudine,
336 207 22 28 che
383 210 23 26 non
433 207 10 29 ha
468 207 67 29 realità,
553 212 0 24 e
572 207 46 30 quello
642 209 21 28 che
686 208 19 29 gli
723 208 6 29 si
748 210 100 28 rappresenta

99 231 24 26 alla
153 230 70 28 sinistra,
249 231 40 28 viene
325 232 22 27 alla
369 231 44 29 destra
439 232 59 28 mano,
526 234 0 26 e
558 233 140 29 medesimamente
732 234 46 28 quello
808 234 22 29 che

97 256 7 27 è
123 254 34 29 dalla
185 254 45 29 destra
253 256 64 27 mano,
343 255 41 28 viene
407 255 24 28 alla
456 254 52 29 sinistra
529 257 0 26 ;
557 256 6 27 il
587 255 21 30 che
631 259 5 28 è
657 256 34 30 tutto
723 257 69 30 quello,
807 257 23 28 che

97 280 63 31 importa
183 281 45 30 questo
258 281 41 32 nome
328 282 11 28 di
364 282 66 31 Falsità,
455 282 39 32 come
525 283 78 31 benissimo
630 284 68 30 racconta
723 284 7 25 il
755 284 45 33 Pierio
827 285 23 32 nel

98 302 23 32 lib.
141 305 26 29 42.

216 346 113 36 FATTO
370 346 170 36 STORICO
590 348 146 37 SAGRO.

125 400 69 30 Confitto
219 400 47 30 Sisara
290 401 77 29 Generale
392 401 11 30 di
429 401 36 31 Jabin
497 402 15 30 Re
544 402 11 28 di
583 402 55 30 Canaan
668 402 34 29 dall'
721 402 62 31 esercito
809 403 41 28 degl'

95 424 126 29 OIsraeliti,
243 424 67 32 pedestre
336 424 4 29 si
360 425 60 32 rifugiò
440 425 22 31 nel
488 425 86 30 padiglione
603 427 13 28 di
636 426 29 32 Jael
685 426 55 32 Moglie
771 426 11 29 di
808 428 38 26 Aber

96 448 64 27 Cineo,
179 448 6 28 il
201 449 38 27 quale
266 454 24 22 non
315 454 19 23 era
360 450 104 27 perseguitato
491 451 12 27 da
526 450 57 28 Jabin.
610 451 70 28 Vedendo
705 452 68 27 pertanto
798 453 29 27 Jael
846 456 0 24 a

95 473 18 31 lei
136 475 48 30 venire
215 473 64 31 Sisara,
304 474 18 30 gli
343 475 36 30 corse
411 477 66 28 incontro
509 476 20 26 con
557 476 0 29 i
577 475 23 29 più
622 474 82 33 artifiziosi
725 475 41 32 segni
786 477 12 29 di
820 479 30 27 par-

95 498 77 30 zialissimo
194 499 68 29 amore,
279 498 95 30 dicendogli
386 502 0 22 :
406 500 55 28 entrate
487 500 8 29 in
513 499 25 29 mia
562 499 45 28 casa,
624 502 0 24 o
649 500 26 30 mio
692 502 79 27 Signore,
791 500 15 28 nè
827 501 21 29 ab-

94 523 35 28 biate
153 523 53 28 timore
232 524 11 27 di
264 524 28 27 cosa
318 524 69 27 veruna.
406 525 7 26 Il
430 525 24 26 che
479 525 50 26 fatto,
546 525 7 26 lo
576 526 45 25 coprì
637 526 23 25 con
686 526 13 25 un
721 526 92 25 mantello;
830 527 11 24 ed

94 545 57 32 essendo
177 545 25 32 esso
226 545 57 32 ansante
308 545 11 32 ed
347 546 78 31 assetato,
447 545 6 32 la
478 546 61 31 richiese
564 546 13 31 di
597 550 11 27 un
636 547 33 30 poco
700 547 11 30 di
733 549 60 28 acqua;
819 548 29 29 Jael

93 571 103 30 sempreppiù
216 572 104 28 mostrandosi
335 571 97 30 affettuosa,
450 576 22 25 non
499 576 59 25 acqua,
583 572 17 26 ma
624 574 31 27 latte
682 572 18 30 gli
717 573 49 27 recò,
792 572 36 30 onde

94 597 83 28 refrigerar
200 597 6 29 si
223 596 70 30 potesse;
310 596 35 30 dopo
370 596 46 29 questo
438 596 44 28 tornò
505 599 20 26 con
548 596 54 29 fomma
627 601 87 24 attenzione
739 601 106 23 nuovamente

93 622 0 27 a
117 619 84 29 coprirlo.
218 620 46 31 Sisara
287 620 94 32 caldamente
401 619 7 32 la
432 620 48 30 pregò
502 619 11 27 d’
533 619 71 31 invigilar
628 619 31 27 sulla
688 625 55 25 porta,
762 625 0 21 e
787 620 13 27 di
820 625 22 24 non

92 643 97 31 permettere
214 645 9 29 ad
251 644 66 30 alcuno,
330 644 21 30 che
375 649 0 25 a
400 643 18 31 lui
441 644 7 30 si
467 643 113 31 avvicinasse;
599 649 0 24 e
623 643 53 30 quindi
696 643 130 30 profondamente

91 667 144 32 addormentossi.
263 670 12 27 La
297 667 47 31 falsità
363 668 34 28 dell'
417 668 68 31 amore,
508 670 0 29 e
532 667 60 32 studiata
622 667 88 31 attenzione
735 670 11 26 di
774 667 25 28 Jael
825 667 21 27 qui

91 693 99 30 pienamente
215 693 7 29 si
239 693 64 30 palesa;
322 695 56 26 mentre
401 693 22 29 non
448 692 28 31 vide
504 693 23 29 ella
551 697 55 26 appena
628 691 21 27 nel
672 693 41 29 sonno
737 691 68 29 immerso
828 692 20 26 Si-

93 718 42 26 sara,
152 718 24 27 che
197 717 39 28 preso
262 723 10 23 un
296 717 34 29 forte
353 717 41 30 lungo
422 717 70 30 chiodo,
510 717 10 27 ed
544 723 13 21 un
582 717 86 27 martello,
685 717 105 31 applicatogli
805 717 42 30 quel-

90 742 6 29 lo
121 742 8 26 ad
156 745 22 25 una
200 741 73 31 tempia,
288 747 22 25 con
337 741 55 28 robusto
416 741 40 29 colpo
482 740 20 31 gli
520 740 44 31 passò
582 740 6 31 la
610 740 34 30 testa
666 741 11 27 da
701 741 42 29 banda
763 745 0 22 a
785 740 59 30 banda,

90 768 0 26 e
112 766 7 28 lo
143 764 56 34 confisse
225 767 7 28 in
256 764 32 34 quel
312 764 55 32 suolo,
384 764 36 32 dove
442 764 7 32 il
468 764 51 33 misero
543 765 33 31 nell'
596 763 48 33 affetto
668 764 17 33 suo
706 764 77 33 affidato,
800 763 46 33 lusin-

89 790 29 35 gato
142 790 7 28 si
168 791 22 32 era
211 790 13 31 di
243 789 77 35 rinvenire
341 789 80 36 ricovro,
438 795 0 24 e
459 789 68 35 ripofo.
548 789 53 34 Ciudici
623 790 31 34 cap.
673 795 12 26 4.

185 836 111 34 FATTO
341 836 163 35 STORICO
553 836 198 36 PROFANO.

141 888 11 29 El
172 890 73 29 ritornare
267 887 7 30 il
291 887 64 32 giovane
380 887 75 32 Diomede
477 887 35 32 dalla
532 887 53 30 guerra
614 887 59 31 Trojana
695 888 7 25 s'
722 887 64 29 imbattè
801 887 44 30 sven¬

93 908 0 34 I
149 912 104 30 turatamente
278 910 38 32 tralle
339 911 41 31 mani
398 910 12 32 di
428 913 10 26 un
461 914 35 27 certo
522 912 48 30 Lico,
588 907 7 32 il
613 910 38 31 quale
677 913 22 25 con
722 909 61 31 efferata
806 916 33 23 cru¬

89 936 39 28 deltà
148 938 49 28 soleva
217 936 26 31 fare
272 936 20 31 gli
311 935 45 32 ospiti
375 935 31 32 suoi
426 934 84 32 miserando
532 936 33 29 pasto
587 934 22 32 de'
631 933 47 30 cani.
695 934 14 30 La
731 933 35 32 figlia
788 934 13 28 di
819 936 24 28 co-

90 960 36 28 stui,
145 961 77 27 nominata
246 960 72 28 Caluse,
336 961 21 27 per
378 960 45 28 buona
451 960 36 29 sorte
509 959 13 30 di
543 959 90 30 Diomede,
650 958 11 31 di
680 960 19 29 lui
718 961 120 28 ardentemente

89 985 101 28 invaghissi,
207 990 0 23 e
228 985 33 28 pose
284 986 7 27 in
314 986 41 27 modo
380 984 7 29 in
410 985 20 28 uso
451 986 6 27 l'
477 983 49 30 astuzia
547 983 34 30 sua,
601 983 21 30 che
643 984 7 29 lo
676 984 49 29 liberò
744 981 34 29 dalla
802 984 40 28 mor-

88 1011 25 27 te.
133 1011 77 31 Diomede
233 1016 25 24 per
276 1009 64 32 qualche
363 1012 47 28 tempo
440 1008 73 27 dimostrò
531 1008 22 27 alla
578 1009 19 29 sua
622 1008 86 30 liberatrice
733 1006 7 32 il
760 1006 23 31 più
799 1010 43 25 tene-

87 1037 8 27 ro
122 1035 66 31 amore,
215 1034 79 30 finattanto
320 1034 53 30 cioè,
396 1035 22 28 che
442 1033 11 28 di
475 1033 18 29 lei
512 1032 100 32 godendosi,
634 1032 37 30 potè
691 1031 60 31 ritrarre
775 1031 66 30 ciocchè

88 1059 17 31 gli
127 1059 51 31 recava
202 1058 82 31 piacere.
301 1057 117 31 Nauseatosene
438 1057 33 29 dopo
497 1056 47 30 pochi
568 1056 64 29 giorni,
656 1056 27 28 fece
709 1055 48 28 chiaro
784 1055 53 28 vedere

87 1085 53 29 quanto
164 1082 31 32 falso
221 1082 7 29 il
250 1082 18 31 suo
292 1087 51 26 amore
373 1081 7 28 si
404 1081 49 31 fosse,
477 1081 31 28 anzi
526 1080 31 30 qual
576 1082 31 29 nera
634 1079 112 32 ingratitudine
775 1079 22 29 nel
819 1081 18 25 suo

87 1110 38 30 petto
150 1105 94 34 annidasse;
267 1106 57 32 poichè
345 1105 39 33 senz'
401 1107 35 26 aver
455 1104 49 30 riflesso
532 1108 21 27 che
579 1103 21 33 alla
619 1103 74 33 Fanciulla
715 1109 23 26 non
761 1104 57 30 doveva

85 1136 30 28 men
139 1133 24 35 che
184 1131 6 39 la
214 1132 43 37 vita,
275 1136 22 33 non
321 1130 35 38 ebbe
380 1131 64 29 ribrezzo
468 1129 13 35 di
497 1129 132 39 abbandonarla.
647 1129 70 38 Penetrò
730 1129 27 30 cosi
776 1127 8 31 al
808 1129 27 29 vivo

782 1156 6 27 il
803 1154 33 30 cuor

106 1208 14 35 Ca
140 1208 0 37 3
169 1207 34 41 Vedi
221 1210 8 34 la
249 1207 92 41 defcrizione
364 1205 35 39 della
419 1205 46 40 Sirena
488 1205 23 38 alla
531 1205 49 37 lettera
594 1205 17 39 M.
626 1205 74 39 MOSTRI
721 1205 25 37 &c.
764 1205 37 29 Tomo
818 1205 23 32 IV.
