895 1346
293 68 108 30 TOMO
461 68 165 31 TERZO.

79 100 5 24 il
104 100 33 24 cuor
159 100 35 24 della
216 100 52 24 misera
294 100 50 23 Donna
364 100 7 23 la
400 100 45 23 falsità
463 100 35 23 dell'
518 100 40 23 amor
583 100 12 23 di
617 100 97 23 Diomede,
739 100 23 22 che
782 100 25 22 non

77 121 62 33 potendo
164 121 62 34 reggere
253 121 22 31 all'
295 122 74 28 affanno,
386 121 89 35 disperata,
492 122 23 33 per
534 121 8 35 la
559 120 30 36 gola
611 120 7 32 si
636 120 76 33 appese.
732 120 47 33 Volat.
798 125 30 29 rap¬

73 146 36 33 port.
124 146 33 34 dall'
175 145 56 36 Astolf.
248 145 26 36 Off.
291 146 36 34 Stor.
347 145 23 35 lib.
393 148 10 29 2.
421 145 30 35 cap.
472 152 10 23 1.

251 192 112 36 FATTO
418 190 230 37 FAVOLOSO.

102 242 25 33 DEr
147 242 80 33 affettuosa
247 245 43 30 opera
311 242 11 33 di
347 242 61 31 Arianna
429 242 36 31 figlia
488 242 11 26 di
517 242 61 30 Minosse
601 242 16 25 Re
644 242 12 25 di
672 242 43 30 Creta
735 242 39 29 restò
790 242 38 30 libe¬

79 274 2 22 L
131 271 8 23 ro
176 269 38 26 Teseo
251 268 35 28 dalla
313 269 62 26 morte,
401 268 23 24 che
455 266 138 26 inevitabilmente
629 266 64 26 avrebbe
723 266 106 26 incontrata,

74 291 22 27 nel
117 291 107 29 Laberinto,
256 294 37 27 dove
327 296 19 24 era
374 290 32 25 stato
442 290 97 29 condannato
575 290 11 29 ad
618 291 36 28 esser
684 290 34 28 pasto
748 290 24 28 del
800 292 27 27 Mi-

74 315 88 27 notauro.
190 315 41 29 Teseo
263 315 21 28 che
310 315 36 29 tanto
372 314 66 27 ricevè,
455 314 7 27 fe
494 314 51 27 mostra
564 315 11 26 ad
605 314 64 28 Arianna
691 314 36 28 della
746 314 24 29 più
787 318 43 25 tenc-

75 341 9 26 ra
104 340 131 29 corrispondenza
256 340 10 30 al
285 342 16 26 suo
326 339 69 26 amore,
413 339 127 29 promettendole
569 338 22 31 che
620 339 75 30 giammai
714 338 70 30 accaduto
809 338 19 30 sa-

74 363 60 28 rebbe,
151 368 22 23 che
198 364 21 27 dai
238 363 31 28 suoi
289 363 54 28 fianchi
362 363 6 28 si
390 363 29 28 fosse
442 368 48 23 potuto
517 363 78 28 scostare.
622 365 29 26 Non
680 363 54 28 dubitò
754 363 11 28 di
785 363 19 28 suz

74 387 28 29 fede
127 387 6 28 la
151 387 57 29 credula
228 387 90 31 Fanciulla,
338 388 22 26 che
382 387 33 28 anzi
433 387 33 28 nelle
488 386 20 29 sue
530 386 59 30 braccia
620 386 91 31 affidandosi
730 392 53 26 tutta,
801 392 22 26 per

74 412 22 29 esso
118 411 90 31 abbandonò
235 411 6 28 il
261 411 60 31 Padre,
343 412 6 27 la
374 411 59 31 Patria,
458 411 6 31 il
486 411 69 32 Regno.
575 411 28 31 Chi
630 411 108 32 immaginarsi
756 413 28 28 mai
804 417 24 25 po¬

73 437 50 27 trebbe
148 436 11 29 di
178 436 75 30 ritrovare
274 439 9 25 in
313 436 57 30 Teseo,
390 439 21 25 che
439 436 36 29 tanto
503 435 34 30 deve
561 435 10 28 ad
599 435 68 31 Arianna
689 435 81 31 bellissima
796 435 27 29 Re-

74 460 20 31 gal
118 460 90 29 Fanciulla,
228 460 84 31 inganno,
339 463 0 23 e
363 459 110 30 tradimento?
497 459 56 31 Eppure
581 459 62 30 Teseo,
656 460 22 29 che
703 459 11 28 da
740 459 89 30 Arianna,

74 485 100 28 riconosceva
196 485 6 28 la
221 485 43 28 vita,
281 485 21 27 che
327 487 8 25 ad
366 485 62 27 Arianna
449 484 57 28 giurata
527 489 46 23 aveva
597 486 6 26 la
628 484 23 28 più
670 484 64 27 costante
757 484 68 27 fedeltà,

74 514 54 25 mentre
153 510 6 29 la
178 509 50 30 misera
251 509 8 29 in
284 509 72 29 profondo
377 509 41 29 sonno
445 510 17 28 sen
485 509 58 28 giace,
559 509 98 28 scostandosi
675 510 54 27 furtivo
754 509 21 27 da'
796 509 29 27 suoi

73 533 71 30 fianchi,
161 532 28 31 seco
210 532 66 30 conduce
300 533 43 29 Fedra
366 532 51 29 sorella
439 531 34 30 della
497 531 51 30 misera
571 532 73 28 tradita,
661 532 13 28 di
689 532 23 28 cui
732 531 8 29 si
753 537 21 22 era
798 537 25 22 no-

77 558 92 29 vellamente
197 557 98 30 invaghito,
313 558 48 28 monta
383 557 8 30 in
419 557 57 30 Nave,
498 557 6 28 fa
530 557 22 30 dar
570 559 6 28 le
602 558 28 29 vele
656 558 10 28 al
692 563 58 22 vento,
770 563 0 20 e
804 558 20 25 in-

75 582 97 30 gannatore,
189 581 84 32 barbaro,
286 581 121 32 sconoscente,
431 581 25 29 sola
475 581 7 30 l’
500 581 88 32 abbandona
612 581 40 31 sovra
674 587 11 25 un
709 582 33 30 nudo
762 581 55 30 scoglio

75 604 34 30 nell’
127 604 32 30 Isola
182 605 11 30 di
211 604 62 31 Nasso.
291 603 53 32 Ovvid.
366 606 62 30 Metam.
444 603 23 33 lib.
485 604 13 32 8.

342 1219 18 29 *.

466 1186 0 43 A
497 1188 0 39 2

757 1179 76 44 FAMA:
