895 1346
317 85 293 39 ICONOLOGIA

254 139 125 33 FAMA
445 139 231 38 CHIARA.

331 190 39 33 Nella
396 190 70 34 Medaglia
491 192 9 29 di
520 192 82 35 Antinoo.

389 216 29 21 --.
430 218 6 19 .-
460 219 0 17 .
481 219 0 17 .
494 220 0 19 —
518 221 0 13 3

814 152 17 28 *u

668 738 40 32 Cardo
719 738 51 32 Grand
790 738 20 31 dac

380 749 65 21 Fama
480 748 81 22 Chiara

353 767 0 17 .
366 767 0 17 -
377 767 0 16 -
396 767 27 18 ----

136 779 15 29 Na
173 779 80 29 bellissima
270 779 44 32 figura
336 780 33 31 nuda
387 779 11 32 di
413 781 11 30 un
440 779 77 32 Mercurio
530 779 26 32 -coi
576 779 44 28 talari
633 779 9 29 a'
653 779 55 30 piedi,
726 779 11 31 ed
759 779 11 27 al
788 783 50 26 capo.

94 807 0 24 O
143 806 43 30 Sopra
205 807 7 28 il
224 807 58 26 braccio
301 805 52 30 sinistro
376 807 41 28 tenga
438 808 21 23 con
483 804 34 28 bella
540 804 47 30 grazia
613 809 11 24 un
643 809 62 23 panno,
726 808 11 23 ed
763 803 6 27 in
792 809 39 20 mano

86 830 6 27 il
105 828 83 29 caduceo,
206 833 0 24 e
227 829 35 28 nella
285 828 46 29 destra
354 829 22 28 per
397 828 8 29 il
422 830 37 27 freno
484 827 6 31 il
509 827 60 31 Cavallo
596 827 75 31 Pegaso,
696 827 20 31 che
739 827 6 31 si
766 831 31 27 erga
816 830 23 28 coi

88 853 42 31 piedi
145 858 7 26 in
176 853 22 31 alto
225 852 24 30 per
276 853 69 30 volare.

124 880 12 24 La
160 880 43 24 figura
226 880 12 24 di
256 880 76 25 Mercurio
356 880 23 25 coi
396 880 57 25 talari,
471 880 0 25 e
497 880 83 25 caduceo,
594 880 66 25 significa
682 880 7 26 la
713 880 47 26 chiara
779 881 58 25 Fama:

88 901 95 27 perciocchè
203 902 21 26 gli
246 901 64 27 Antichi
329 903 5 24 lo
357 900 50 27 finsero
431 900 58 27 Nunzio
514 900 11 27 di
542 901 67 26 Giove,
628 904 0 23 e
652 903 24 24 per
695 899 18 27 lui
730 900 10 26 s'
756 901 60 25 intende

87 925 8 29 il
115 925 72 29 parlare,
211 925 34 29 cioé
265 926 6 28 l'
290 925 68 28 efficacia
384 925 36 28 della
444 930 50 23 voce,
522 930 0 23 e
548 926 22 27 del
592 926 58 27 grido,
675 925 22 27 che
727 930 22 22 per
777 926 32 26 tutto
833 925 8 27 si

88 948 69 31 spande,
175 955 0 22 e
200 948 85 33 diffonde.

126 976 0 25 I
145 976 56 25 talari,
218 978 0 23 e
242 976 6 25 le
267 976 29 25 ali,
315 976 23 25 che
359 976 36 25 tiene
418 976 7 25 in
449 976 51 26 capo,
522 976 87 26 significano
634 976 7 26 le
667 976 47 26 parole
741 976 63 26 veloci.

125 1004 9 21 Il
150 1004 61 21 Cavallo
243 1004 53 21 Pegafo
326 1004 8 22 s’
354 1004 58 22 intende
443 1004 23 22 per
489 1005 6 21 la
518 1005 48 21 chiara
590 1005 40 21 Fama
655 1005 11 22 di
687 1005 65 22 Antinoo
779 1005 60 22 veloce¬

87 1025 69 27 cemente
177 1026 77 26 portata,
273 1026 0 24 e
297 1022 47 29 sparsa
365 1028 24 25 per
410 1022 6 28 l'
433 1022 94 31 Universõ.

125 1050 7 26 Il
148 1050 36 26 freno
212 1050 12 26 di
243 1050 23 25 esso
293 1050 61 25 Cavallo
380 1050 85 25 governato
486 1050 12 24 da
524 1050 96 24 Mercurio,
644 1050 11 24 ci
674 1050 69 24 dinota,
764 1050 22 23 che
811 1050 28 23 la¬

88 1070 41 27 Fama
150 1071 5 26 è
176 1076 56 22 portata
255 1070 34 28 dalle
313 1070 68 30 parole,
405 1076 0 24 e
432 1070 37 31 dallà
490 1073 49 28 voce,
567 1070 21 30 che
612 1070 45 30 suona
680 1070 35 29 dalle
742 1071 39 27 virtù
800 1070 41 28 degl'

84 1096 54 27 illustri
157 1095 33 28 fatti
211 1095 41 28 degli
275 1095 79 29 Uomini;
372 1099 0 25 e
393 1095 23 29 che
434 1097 38 27 tanto
497 1094 37 30 più,
559 1099 0 25 o
582 1099 62 26 meno,
656 1098 40 27 cotal
712 1094 40 31 Fama
776 1099 65 26 pervie¬

85 1120 12 27 ne
121 1119 9 28 al
152 1118 72 29 Mondo,
241 1123 53 27 quanto
318 1119 46 33 quella
390 1119 34 32 dalle
448 1120 65 33 lingue,
537 1123 0 26 e
558 1119 22 29 dal
599 1120 55 33 parlare
681 1120 41 34 degli
743 1120 75 34 Uomini,
837 1123 0 26 e

84 1143 115 28 accresciuta,
216 1146 0 25 e
242 1144 64 27 sparsa.

126 1172 8 22 Il
155 1172 54 23 Popolo
235 1172 66 24 Romano
329 1172 22 25 per
372 1172 62 26 onorare
462 1172 89 27 Domiziano
580 1172 28 26 fece
634 1172 58 27 battere
716 1172 8 27 in
750 1172 22 23 una
791 1172 53 27 Meda-

90 1192 25 33 glia
137 1192 5 28 il
160 1191 62 36 Cavallo
251 1192 55 34 Pegaso
335 1191 94 36 significante
459 1193 8 34 la
489 1193 52 35 fama,
565 1193 23 35 che
610 1196 22 32 per
655 1193 7 36 il
679 1194 55 35 Mondo
753 1193 13 34 di
793 1193 17 29 lui
838 1194 7 28 fi

92 1221 20 33 era
134 1215 60 40 sparsa.
214 1217 33 39 Vedi
263 1217 80 40 Sebastiano
368 1218 74 37 Erizzo.

778 1216 56 44 FAMA
